@phdthesis{lattner2002llvm,
  title={LLVM: An infrastructure for multi-stage optimization},
  author={Lattner, Chris Arthur},
  year={2002},
  school={University of Illinois}
}

@inproceedings{lattner2004llvm,
  title={LLVM: A compilation framework for lifelong program analysis \& transformation},
  author={Lattner, Chris and Adve, Vikram},
  booktitle={Code Generation and Optimization, 2004. CGO 2004. International Symposium on},
  pages={75--86},
  year={2004},
  organization={IEEE}
}

@inproceedings{leroy2006formal,
  title={Formal certification of a compiler back-end or: programming a compiler with a proof assistant},
  author={Leroy, Xavier},
  booktitle={ACM SIGPLAN Notices},
  volume={41},
  number={1},
  pages={42--54},
  year={2006},
  organization={ACM}
}

@article{zuck2005translation,
  title={Translation and run-time validation of loop transformations},
  author={Zuck, Lenore and Pnueli, Amir and Goldberg, Benjamin and Barrett, Clark and Fang, Yi and Hu, Ying},
  journal={Formal Methods in System Design},
  volume={27},
  number={3},
  pages={335--360},
  year={2005},
  publisher={Springer}
}

@incollection{zucknamjoshi,
  title={Witnessing Program Transformations},
  author={Namjoshi, Kedar S and Zuck, Lenore D},
  booktitle={Static Analysis},
  pages={304--323},
  year={2013},
  publisher={Springer}
}

@inproceedings{barrett2005tvoc,
  title={TVOC: A translation validator for optimizing compilers},
  author={Barrett, Clark and Fang, Yi and Goldberg, Benjamin and Hu, Ying and Pnueli, Amir and Zuck, Lenore},
  booktitle={Computer Aided Verification},
  pages={273--286},
  year={2005},
  organization={Springer}
}

@inproceedings{namjoshi1997simple,
  title={A simple characterization of stuttering bisimulation},
  author={Namjoshi, Kedar},
  booktitle={Foundations of Software Technology and Theoretical Computer Science},
  pages={284--296},
  year={1997},
  organization={Springer}
}

@incollection{dijkstra1978guarded,
  title={Guarded commands, nondeterminacy, and formal derivation of programs},
  author={Dijkstra, Edsger W},
  booktitle={Programming Methodology},
  pages={166--175},
  year={1978},
  publisher={Springer}
}

@book{steven1997advanced,
  title={Advanced compiler design implementation},
  author={Steven S. Muchnick},
  year={1997},
  publisher={Morgan Kaufmann Publishers}
}

@article{leroy2009formal,
  title={Formal verification of a realistic compiler},
  author={Leroy, Xavier},
  journal={Communications of the ACM},
  volume={52},
  number={7},
  pages={107--115},
  year={2009},
  publisher={ACM}
}

@article{pnueli1998code,
  title={The code validation tool (cvt)},
  author={Pnueli, Amir and Shtrichman, Ofer and Siegel, Michael},
  journal={International Journal on Software Tools for Technology Transfer (STTT)},
  volume={2},
  number={2},
  pages={192--201},
  year={1998},
  publisher={Springer}
}

@INPROCEEDINGS{Rinard99crediblecompilation,
    author = {Martin C. Rinard and Darko Marinov},
    title = {Credible compilation with pointers},
    booktitle = {In Proceedings of the Workshop on Run-Time Result Verification},
    year = {1999}
}

@incollection{vujovsevic2012development,
  title={Development and evaluation of LAV: an SMT-based error finding platform},
  author={Vujo{\v{s}}evi{\'c}-Jani{\v{c}}i{\'c}, Milena and Kuncak, Viktor},
  booktitle={Verified Software: Theories, Tools, Experiments},
  pages={98--113},
  year={2012},
  publisher={Springer}
}

@inproceedings{cadar2008klee,
  title={KLEE: Unassisted and automatic generation of high-coverage tests for complex systems programs},
  author={Cadar, Cristian and Dunbar, Daniel and Engler, Dawson},
  booktitle={Proceedings of the 8th USENIX conference on Operating systems design and implementation},
  pages={209--224},
  year={2008}
}

@phdthesis{griggio2009effective,
  title={An effective SMT engine for Formal Verification},
  author={Griggio, Alberto},
  year={2009},
  school={University of Trento}

}

@MISC{Moskal09satisfiabilitymodulo,
    author = {Micha≈Ç Jan Moskal},
    title = {Satisfiability Modulo Software},
    year = {2009}
}

@article{abadi1991existence,
  title={The existence of refinement mappings},
  author={Abadi, Mart{\'\i}n and Lamport, Leslie},
  journal={Theoretical Computer Science},
  volume={82},
  number={2},
  pages={253--284},
  year={1991},
  publisher={Elsevier}
}

@incollection{manolios2003compositional,
  title={A compositional theory of refinement for branching time},
  author={Manolios, Panagiotis},
  booktitle={Correct Hardware Design and Verification Methods},
  pages={304--318},
  year={2003},
  publisher={Springer}
}

@incollection{pnueli1998translation,
  title={Translation validation},
  author={Pnueli, Amir and Siegel, Michael and Singerman, Eli},
  booktitle={Tools and Algorithms for the Construction and Analysis of Systems},
  pages={151--166},
  year={1998},
  publisher={Springer}
}

@inproceedings{namjzucktag,
  title={A Witnessing Compiler: A Proof of Concept},
  author={Namjoshi, Kedar S and Zuck, Lenore D and Tagliabue, Giacomo},
  booktitle={Runtime Verification},
  year={2013}
}
